@Book{Hirsch,
  author = {Charles Hirsch},
  title = {Numerical Computation of Internal and External Flows, Volume 2},
  publisher = {John Wiley and Sons},
  year = 2002,
}

@Article{Granet,
  author = {Victor Granet and Olivier Vermorel and Thomas Leonard and Laurent Gicquel and Thierry Poinsot},
  title = {Comparison of Nonreflecting Outlet Boundary Conditions for Compressible Solvers on Unstructured Grids},
  journal = {AIAA Journal},
  year = {2010},
  volume = {48},
  number = {10},
  pages = {2348--2364},
  month = {October},
}

@Article{Yoo1,
  author = {C. S. Yoo and H. G. Im},
  title = {Characteristic Boundary Conditions for Simulations of Compressible Reacting Flows with Multi-Dimensional, Viscous, and Reacting Effects},
  journal = {Combustion Theory and Modelling},
  year = {2007},
  volume = {11},
  number = {2},
  pages = {259--286},
  month = {April},
}

@Article{Yoo2,
  author = {C. S. Yoo and Y. Wang and A. Trouve and H. G. Im},
  title = {Characteristic Boundary Conditions for Direct Numerical Simulations of Turbulent Counterflow Flames},
  journal = {Combustion Theory and Modelling},
  year = {2005},
  volume = {9},
  number = {4},
  pages = {617--646},
}

